@Book{knuth:84,
  author = 	 {BRASIL},
  title = 	 {INSTRUÇÃO NORMA TIV A Nº 04},
  publisher = {Brasília},
  year = 	 {2014},
}

@InCollection{boulic:91,
  author = 	 {BRASIL},
  title = 	 {EDITAL DE PREGÃO ELETRÔNICO Nº 019/2015-MC},
  publisher =    {Brasília},
  year = 	 {2015},
}
